<?xml version="1.0" encoding="UTF-8"?><collection xmlns="http://www.loc.gov/MARC21/slim"><record><leader>00598nam--2200169-i-4500</leader><controlfield tag="001">000031157</controlfield><controlfield tag="002">20161230</controlfield><controlfield tag="005">20161230201038</controlfield><controlfield tag="008">060222s1000------------r-----000-0-eng-d</controlfield><datafield ind1=" " ind2=" " tag="040"><subfield code="a">IFIN-HH</subfield></datafield><datafield ind1=" " ind2=" " tag="080"><subfield code="a">539.12</subfield></datafield><datafield ind1="1" ind2=" " tag="100"><subfield code="a">Hamilton, J</subfield></datafield><datafield ind1="1" ind2="0" tag="245"><subfield code="a">The dynamics of elementary particles and the pion-nucleon interaction</subfield><subfield code="b">Course a lectrures given by j. hamilton at the niels bohr institute and nordita coppenhagen notes prepared with the help of jens lyng petersen</subfield><subfield code="c">J. hamilton</subfield></datafield><datafield ind1=" " ind2=" " tag="260"><subfield code="a">Copenhagen</subfield><subfield code="b">Nordita</subfield><subfield code="c">1967</subfield></datafield><datafield ind1=" " ind2=" " tag="300"><subfield code="a">233P</subfield></datafield><datafield ind1=" " ind2=" " tag="852"><subfield code="a">25316</subfield><subfield code="c">539.12</subfield></datafield><datafield ind1=" " ind2=" " tag="CAT"><subfield code="a">Sys</subfield><subfield code="c">20111114</subfield><subfield code="h">162534</subfield></datafield></record></collection>